@article{DBLP:journals/corr/SchulmanWDRK17,
  author       = {John Schulman and
                  Filip Wolski and
                  Prafulla Dhariwal and
                  Alec Radford and
                  Oleg Klimov},
  title        = {Proximal Policy Optimization Algorithms},
  journal      = {CoRR},
  volume       = {abs/1707.06347},
  year         = {2017},
  url          = {http://arxiv.org/abs/1707.06347},
  eprinttype    = {arXiv},
  eprint       = {1707.06347},
  timestamp    = {Mon, 13 Aug 2018 16:47:34 +0200},
  biburl       = {https://dblp.org/rec/journals/corr/SchulmanWDRK17.bib},
  bibsource    = {dblp computer science bibliography, https://dblp.org}
}

@article{DBLP:journals/corr/abs-2103-01955,
  author       = {Chao Yu and
                  Akash Velu and
                  Eugene Vinitsky and
                  Yu Wang and
                  Alexandre M. Bayen and
                  Yi Wu},
  title        = {The Surprising Effectiveness of {MAPPO} in Cooperative, Multi-Agent
                  Games},
  journal      = {CoRR},
  volume       = {abs/2103.01955},
  year         = {2021},
  url          = {https://arxiv.org/abs/2103.01955},
  eprinttype    = {arXiv},
  eprint       = {2103.01955},
  timestamp    = {Tue, 02 Apr 2024 15:05:11 +0200},
  biburl       = {https://dblp.org/rec/journals/corr/abs-2103-01955.bib},
  bibsource    = {dblp computer science bibliography, https://dblp.org}
}

@article{SuperSuit,
  Title = {SuperSuit: Simple Microwrappers for Reinforcement Learning Environments},
  Author = {Terry, J. K and Black, Benjamin and Hari, Ananth},
  journal={arXiv preprint arXiv:2008.08932},
  year={2020}
}